<record><leader>00000cas a2200000 a 4500</leader><controlfield tag="001">12402150</controlfield><controlfield tag="008">850820d18701872ksuwr ne      0    0eng d</controlfield><datafield ind1=" " ind2=" " tag="010"><subfield code="a">sn 85029637 </subfield></datafield><datafield ind1=" " ind2=" " tag="040"><subfield code="a">KSH</subfield><subfield code="b">eng</subfield><subfield code="c">KSH</subfield><subfield code="d">NPT</subfield><subfield code="d">NPX</subfield><subfield code="d">OCL</subfield><subfield code="d">OCLCQ</subfield></datafield><datafield ind1=" " ind2=" " tag="042"><subfield code="a">msc</subfield></datafield><datafield ind1="0" ind2="4" tag="245"><subfield code="a">The Belleville telescope.</subfield></datafield><datafield ind1=" " ind2=" " tag="260"><subfield code="a">Belleville, Kan. :</subfield><subfield code="b">J.C. Humphrey,</subfield><subfield code="c">-1872.</subfield></datafield><datafield ind1=" " ind2=" " tag="300"><subfield code="a">v. :</subfield><subfield code="b">ill. ;</subfield><subfield code="c">38 cm.</subfield></datafield><datafield ind1=" " ind2=" " tag="310"><subfield code="a">Weekly</subfield></datafield><datafield ind1="0" ind2=" " tag="362"><subfield code="a">-v. 2, no. 69 (Jan. 10, 1872).</subfield></datafield><datafield ind1="1" ind2=" " tag="362"><subfield code="a">Began in 1870.</subfield><subfield code="z">Cf. Rowell, 1871.</subfield></datafield><datafield ind1=" " ind2=" " tag="588"><subfield code="a">Description based on: Vol. 1, no. 3 (Oct. 14, 1870).</subfield></datafield><datafield ind1=" " ind2=" " tag="752"><subfield code="a">United States</subfield><subfield code="b">Kansas</subfield><subfield code="c">Republic</subfield><subfield code="d">Belleville.</subfield></datafield><datafield ind1="0" ind2="1" tag="785"><subfield code="t">Belleville republic</subfield><subfield code="w">(DLC)sn 84027601</subfield><subfield code="w">(OCoLC)11341372</subfield></datafield><datafield ind1="1" ind2=" " tag="029"><subfield code="a">AU@</subfield><subfield code="b">000022172049</subfield></datafield></record>